@INPROCEEDINGS{yiicdm2012robust,
    author={J. Yi and T. Yang and R. Jin and A. K. Jain and M. Mahdavi},
    booktitle={ICDM},
    title={Robust Ensemble Clustering by Matrix Completion},
    year={2012}
}


@article{gaoijcai2016robust,
  title={A Robust Convex Formulation for Ensemble Clustering},
  author={Gao, Junning and Yamada, Makoto and Kaski, Samuel and Mamitsuka, Hiroshi and Zhu, Shanfeng},
  booktitle={IJCAI},
  year={2016}
}

@inproceedings{tanicml2014riemannian,
  title={Riemannian Pursuit for Big Matrix Recovery.},
  author={Tan, Mingkui and Tsang, Ivor W and Wang, Li and Vandereycken, Bart and Pan, Sinno Jialin},
  booktitle={ICML},
  year={2014}
}

@article{vandereyckensiamjo2013low,
  title={Low-rank matrix completion by Riemannian optimization},
  author={Vandereycken, Bart},
  journal={SIAM Journal on Optimization},
  year={2013}
}

@inproceedings{yanijcai2015scalable,
  title={Scalable maximum margin matrix factorization by active riemannian subspace search},
  author={Yan, Yan and Tan, Mingkui and Tsang, Ivor and Yang, Yi and Zhang, Chengqi and Shi, Qinfeng},
  booktitle={IJCAI},
  year={2015}
}

@inproceedings{nienips2010efficient,
  title={Efficient and robust feature selection via joint ℓ2, 1-norms minimization},
  author={Nie, Feiping and Huang, Heng and Cai, Xiao and Ding, Chris H},
  booktitle={NIPS},
  year={2010}
}

@inproceedings{yangijcai2011l21,
  title={l2, 1-norm regularized discriminative feature selection for unsupervised learning},
  author={Yang, Yi and Shen, Heng Tao and Ma, Zhigang and Huang, Zi and Zhou, Xiaofang},
  booktitle={IJCAI},
  year={2011}
}

@inproceedings{xiaocvpr2015falrr,
author={S. Xiao and W. Li and D. Xu and Dacheng Tao},
booktitle={CVPR},
title={FaLRR: A fast low rank representation solver},
year={2015}
}

@inproceedings{xuiccv2013feature,
  title={Feature weighting via optimal thresholding for video analysis},
  author={Xu, Zhongwen and Yang, Yi and Tsang, Ivor and Sebe, Nicu and Hauptmann, Alexander G},
  booktitle={ICCV},
  year={2013}
}
@article{soomro2012ucf101,
  title={UCF101: A dataset of 101 human actions classes from videos in the wild},
  author={Soomro, Khurram and Zamir, Amir Roshan and Shah, Mubarak},
  journal={arXiv preprint arXiv:1212.0402},
  year={2012}
}

@article{pascal-voc-2007,
  title={The pascal visual object classes (voc) challenge},
  author={Everingham, Mark and Van Gool, Luc and Williams, Christopher KI and Winn, John and Zisserman, Andrew},
  journal={IJCV},
  year={2010}
}

@article{krizhevsky2009learning,
  title={Learning multiple layers of features from tiny images},
  author={Krizhevsky, Alex and Hinton, Geoffrey},
  year={2009},
  publisher={Citeseer}
} %Cifar10

@inproceedings{nilsback2006visual,
  title={A visual vocabulary for flower classification},
  author={Nilsback, M-E and Zisserman, Andrew},
  booktitle={CVPR},
  year={2006}
} %Flower17

@inproceedings{simonyan2014two,
  title={Two-stream convolutional networks for action recognition in videos},
  author={Simonyan, Karen and Zisserman, Andrew},
  booktitle={NIPS},
  year={2014}
}

@inproceedings{tran2015learning,
  title={Learning spatiotemporal features with 3d convolutional networks},
  author={Tran, Du and Bourdev, Lubomir and Fergus, Rob and Torresani, Lorenzo and Paluri, Manohar},
  booktitle={ICCV},
  year={2015}
}%C3D

@inproceedings{jia2014caffe,
  title={Caffe: Convolutional architecture for fast feature embedding},
  author={Jia, Yangqing and Shelhamer, Evan and Donahue, Jeff and Karayev, Sergey and Long, Jonathan and Girshick, Ross and Guadarrama, Sergio and Darrell, Trevor},
  booktitle={ACM MM}
}

@article{he2015deep,
  title={Deep residual learning for image recognition},
  author={He, Kaiming and Zhang, Xiangyu and Ren, Shaoqing and Sun, Jian},
  journal={arXiv preprint arXiv:1512.03385},
  year={2015}
}

@article{he2016identity,
  title={Identity mappings in deep residual networks},
  author={He, Kaiming and Zhang, Xiangyu and Ren, Shaoqing and Sun, Jian},
  journal={arXiv preprint arXiv:1603.05027},
  year={2016}
}

@inproceedings{szegedy2015going,
  title={Going deeper with convolutions},
  author={Szegedy, Christian and Liu, Wei and Jia, Yangqing and Sermanet, Pierre and Reed, Scott and Anguelov, Dragomir and Erhan, Dumitru and Vanhoucke, Vincent and Rabinovich, Andrew},
  booktitle={CVPR},
  year={2015}
}

@inproceedings{krizhevsky2012imagenet,
  title={Imagenet classification with deep convolutional neural networks},
  author={Krizhevsky, Alex and Sutskever, Ilya and Hinton, Geoffrey E},
  booktitle={NIPS},
  year={2012}
} %Alex

@article{chatfield2014return,
  title={Return of the devil in the details: Delving deep into convolutional nets},
  author={Chatfield, Ken and Simonyan, Karen and Vedaldi, Andrea and Zisserman, Andrew},
  journal={arXiv preprint arXiv:1405.3531},
  year={2014}
} %VGG16

@article{fan2008liblinear,
  title={LIBLINEAR: A library for large linear classification},
  author={Fan, Rong-En and Chang, Kai-Wei and Hsieh, Cho-Jui and Wang, Xiang-Rui and Lin, Chih-Jen},
  journal={JMLR},
  year={2008}
}
@inproceedings{gehler2009feature,
  title={On feature combination for multiclass object classification},
  author={Gehler, Peter and Nowozin, Sebastian},
  booktitle={ICCV},
  year={2009}
} %LPBoost

@article{Rakotomamonjy2008Simplemkl,
  title={Simplemkl},
  author={Rakotomamonjy, Alain and Bach, Francis R. and Canu, Stéphane and Grandvalet, Yves},
  journal={JMLR},
  year={2008},
}

@article{feichtenhofer2016convolutional,
  title={Convolutional Two-Stream Network Fusion for Video Action Recognition},
  author={Feichtenhofer, Christoph and Pinz, Axel and Zisserman, Andrew},
  journal={arXiv preprint arXiv:1604.06573},
  year={2016}
}


@article{lai2015learning,
  title={Learning sample specific weights for late fusion},
  author={Lai, Kuan-Ting and Liu, Dong and Chang, Shih-Fu and Chen, Ming-Syan},
  journal={TIP},
  year={2015}
}
@inproceedings{vedaldi2009multiple,
  title={Multiple kernels for object detection},
  author={Vedaldi, Andrea and Gulshan, Varun and Varma, Manik and Zisserman, Andrew},
  booktitle={ICCV},
  year={2009}
}
@article{lanckriet2004learning,
  title={Learning the kernel matrix with semidefinite programming},
  author={Lanckriet, Gert RG and Cristianini, Nello and Bartlett, Peter and Ghaoui, Laurent El and Jordan, Michael I},
  journal={JMLR},
  year={2004}
}
@inproceedings{wright2009robust,
  title={Robust principal component analysis: Exact recovery of corrupted low-rank matrices via convex optimization},
  author={Wright, John and Ganesh, Arvind and Rao, Shankar and Peng, Yigang and Ma, Yi},
  booktitle={NIPS},
  year={2009}
}
@inproceedings{ye2012robust,
  title={Robust late fusion with rank minimization},
  author={Ye, Guangnan and Liu, Dong and Jhuo, I-Hong and Chang, Shih-Fu},
  booktitle={CVPR},
  year={2012}
}
@inproceedings{natarajan2012multimodal,
  title={Multimodal feature fusion for robust event detection in web videos},
  author={Natarajan, Pradeep and Wu, Shuang and Vitaladevuni, Shiv and Zhuang, Xiaodan and Tsakalidis, Stavros and Park, Unsang and Prasad, Rohit and Natarajan, Premkumar},
  booktitle={CVPR},
  year={2012},
}


@inproceedings{parkhi2012cats,
  title={Cats and dogs},
  author={Parkhi, Omkar M and Vedaldi, Andrea and Zisserman, Andrew and Jawahar, CV},
  booktitle={CVPR},
  year={2012}
}

@article{Li2006One,
  title={One-Shot Learning of Object Categories},
  author={Li, Fei Fei and Fergus, Rob and Perona, Pietro},
  journal={PAMI},
  year={2006},
}

@article{loweijcv2004distinctive,
  title={Distinctive image features from scale-invariant keypoints},
  author={Lowe, David G},
  journal={IJCV},
  year={2004}
}

@inproceedings{dalalcvpr2005histograms,
  title={Histograms of oriented gradients for human detection},
  author={Dalal, Navneet and Triggs, Bill},
  booktitle={CVPR},
  year={2005}
}

@book{manning2008introduction,
 author = {Manning, Christopher D. and Raghavan, Prabhakar and Sch\"{u}tze, Hinrich},
 title = {Introduction to Information Retrieval},
 year = {2008},
 publisher = {Cambridge University Press}
}

@inproceedings{mikoloviclr2013efficient,
  title={Efficient estimation of word representations in vector space},
  author={Mikolov, Tomas and Chen, Kai and Corrado, Greg and Dean, Jeffrey},
  booktitle={ICLR Workshop},
  year={2013}
}

@Book{Absil2008OAMM,
  Title                    = {Optimization Algorithms on Matrix Manifolds},
  Author                   = {Absil, P.-A. and Mahony, R. and Sepulchre, R.},
  Publisher                = {Princeton University Press},
  Year                     = {2008}
}

@InProceedings{grouse,
  Title                    = {Online Identification and Tracking of Subspaces from Highly Incomplete Information},
  Author                   = {Laura Balzano and Robert Nowak and Benjamin Recht},
  Booktitle                = {Proceedings of Allerton},
  Year                     = {2010}
}

@InProceedings{grouse2010Balzano,
  Title                    = {Online identification and tracking of subspaces from highly incomplete information},
  Author                   = {Balzano, L. and Nowak, R. and Recht, B.},
  Booktitle                = {Proceedings of Allerton},
  Year                     = {2010}
}

@Article{vandereycken2013lowrank,
  Title                    = {Low-rank matrix completion by Riemannian optimization},
  Author                   = {Bart Vandereycken},
  Journal                  = {SIAM J. Optim.},
  Year                     = {2013}
}

@InProceedings{rtrmc2011boumal,
  Title                    = {RTRMC: A Riemannian trust-region method for low-rank matrix completion},
  Author                   = {Boumal, N. and Absil, P.-A.},
  Booktitle                = {NIPS},
  Year                     = {2011}
}

@InProceedings{decoste2006collaborative,
  Title                    = {Collaborative prediction using ensembles of maximum margin matrix factorizations},
  Author                   = {DeCoste, Dennis},
  Booktitle                = {ICML},
  Year                     = {2006}
}

@Conference{Bonnabel2011,
  Title                    = {Linear Regression under Fixed-Rank Constraints: A Riemannian Approach},
  Author                   = {G. Meyer and S. Bonnabel and R. Sepulchre},
  Booktitle                = {ICML},
  Year                     = {2011}
}

@article{Mishra2012,
  title={A Riemannian geometry for low-rank matrix completion},
  author={Mishra, Bamdev and Apuroop, K Adithya and Sepulchre, Rodolphe},
  journal={arXiv preprint arXiv:1211.1550},
  year={2012}
}

@Conference{Mitra2010,
  Title                    = {Large-Scale Matrix Factorization with Missing Data under Additional Constraints},
  Author                   = {K. Mitra and S. Sheorey and R. Chellappa},
  Booktitle                = {NIPS},
  Year                     = {2010}
}

@Article{mohan2012iterative,
  Title                    = {Iterative reweighted algorithms for matrix rank minimization},
  Author                   = {Mohan, K. and Fazel, M.},
  Journal                  = {JMLR},
  Year                     = {2012}
}

@InCollection{ngonips2012scaled,
  Title                    = {Scaled Gradients on Grassmann Manifolds for Matrix Completion},
  Author                   = {Thanh Ngo and Yousef Saad},
  Booktitle                = {NIPS},
  Year                     = {2012}
}

@InProceedings{RechtNIPS2011hogwild,
  Title                    = {Hogwild: A Lock-Free Approach to Parallelizing Stochastic Gradient Descent},
  Author                   = {Benjamin Recht and Re, Christopher and Wright, Stephen and Feng Niu},
  Booktitle                = {NIPS},
  Year                     = {2011}
}

@Article{Wen2012,
  Title                    = {Solving a low-rank factorization model for matrix completion by a non-linear successive over-relaxation algorithm},
  Author                   = {Z. Wen and W. Yin and Y. Zhang},
  Journal                  = {Math. Program. Comput.},
  Year                     = {2012}
}
@inproceedings{rashtchian2010collecting,
  title={Collecting image annotations using Amazon's Mechanical Turk},
  author={Rashtchian, Cyrus and Young, Peter and Hodosh, Micah and Hockenmaier, Julia},
  booktitle={NAACL HLT Workshop},
  year={2010}
}
@inproceedings{xiao2015FaLRR,
  title              ={{FaLRR}: {A} {F}ast {L}ow {R}ank {R}epresentation {S}olver},
  author             ={Shijie Xiao and
                       Wen Li and
                       Dong Xu and
                       Dacheng Tao},
  booktitle          ={CVPR},
  year               ={2015},
}
@inproceedings{rasiwasia2010new,
  title={A new approach to cross-modal multimedia retrieval},
  author={Rasiwasia, Nikhil and Costa Pereira, Jose and Coviello, Emanuele and Doyle, Gabriel and Lanckriet, Gert RG and Levy, Roger and Vasconcelos, Nuno},
  booktitle={ACM MM},
  year={2010}
} %Wikipedia

@article{oh2016partial,
  title={Partial sum minimization of singular values in Robust PCA: Algorithm and applications},
  author={Oh, Tae-Hyun and Tai, Yu-Wing and Bazin, Jean-Charles and Kim, Hyeongwoo and Kweon, In So},
  journal={PAMI},
  year={2016}
}
@article{russakovsky2015imagenet,
  title={Imagenet large scale visual recognition challenge},
  author={Russakovsky, Olga and Deng, Jia and Su, Hao and Krause, Jonathan and Satheesh, Sanjeev and Ma, Sean and Huang, Zhiheng and Karpathy, Andrej and Khosla, Aditya and Bernstein, Michael and others},
  journal={IJCV},
  year={2015}
}

@inproceedings{zheng2015query,
  title={Query-adaptive late fusion for image search and person re-identification},
  author={Zheng, Liang and Wang, Shengjin and Tian, Lu and He, Fei and Liu, Ziqiong and Tian, Qi},
  booktitle={CVPR},
  year={2015}
}

@article{zha2015exploiting,
  title={Exploiting image-trained cnn architectures for unconstrained video classification},
  author={Zha, Shengxin and Luisier, Florian and Andrews, Walter and Srivastava, Nitish and Salakhutdinov, Ruslan},
  journal={BMVC},
  year={2015}
}

@inproceedings{feichtenhofer2016convolutional,
  title={Convolutional Two-Stream Network Fusion for Video Action Recognition},
  author={Feichtenhofer, Christoph and Pinz, Axel and Zisserman, Andrew},
  booktitle={CVPR},
  year={2016}
}

@inproceedings{simonyan2014two,
  title={Two-stream convolutional networks for action recognition in videos},
  author={Simonyan, Karen and Zisserman, Andrew},
  booktitle={NIPS},
  year={2014}
}

@inproceedings{Wang_Transformation,
    Author = {Xiaolong Wang and Ali Farhadi and Abhinav Gupta},
    Title = {Actions {\textasciitilde} Transformations},
    Booktitle = {CVPR},
    Year = {2016},
}

@inproceedings{tapaswi2015movieqa,
  title={Movieqa: Understanding stories in movies through question-answering},
  author={Tapaswi, Makarand and Zhu, Yukun and Stiefelhagen, Rainer and Torralba, Antonio and Urtasun, Raquel and Fidler, Sanja},
  journal={arXiv preprint arXiv:1512.02902},
  year={2015}
}

@inproceedings{wangmodality,
  title={Modality and Component Aware Feature Fusion for RGB-D Scene Classification},
  author={Wang, Anran and Cai, Jianfei and Lu, Jiwen and Cham, Tat-Jen},
  Booktitle = {CVPR},
  Year = {2016},
}

@inproceedings{yaohighlight,
  title={Highlight Detection with Pairwise Deep Ranking for First-Person Video Summarization},
  author={Yao, Ting and Mei, Tao and Rui, Yong},
  Booktitle = {CVPR},
  Year = {2016},
}

@article{zagoruyko2016wide,
  title={Wide Residual Networks},
  author={Zagoruyko, Sergey and Komodakis, Nikos},
  journal={arXiv preprint arXiv:1605.07146},
  year={2016}
}

@inproceedings{lin2013network,
  title={Network in network},
  author={Lin, Min and Chen, Qiang and Yan, Shuicheng},
  booktitle={ICLR},
  year={2014}
}

@article{clevert2015fast,
  title={Fast and accurate deep network learning by exponential linear units (elus)},
  author={Clevert, Djork-Arn{\'e} and Unterthiner, Thomas and Hochreiter, Sepp},
  journal={arXiv preprint arXiv:1511.07289},
  year={2015}
}

@article{srivastava2015highway,
    title={Training Very Deep Networks},
    author={Srivastava, Rupesh Kumar and Greff, Klaus and Schmidhuber, J{\"u}rgen},
    journal={arXiv preprint arXiv:1507.06228},
    year={2015}
}

@article{xie2016aggregated,
  title={Aggregated residual transformations for deep neural networks},
  author={Xie, Saining and Girshick, Ross and Doll{\'a}r, Piotr and Tu, Zhuowen and He, Kaiming},
  journal={arXiv preprint arXiv:1611.05431},
  year={2016}
}
