@INPROCEEDINGS{yiicdm2012robust,
author={J. Yi and T. Yang and R. Jin and A. K. Jain and M. Mahdavi},
booktitle={ICDM},
title={Robust Ensemble Clustering by Matrix Completion},
year={2012},
pages={1176-1181},
doi={10.1109/ICDM.2012.123},
ISSN={1550-4786},
month={Dec},}


@article{gaoijcai2016robust,
  title={A Robust Convex Formulation for Ensemble Clustering},
  author={Gao, Junning and Yamada, Makoto and Kaski, Samuel and Mamitsuka, Hiroshi and Zhu, Shanfeng},
  booktitle={IJCAI}
  year={2016}
}

@inproceedings{tanicml2014riemannian,
  title={Riemannian Pursuit for Big Matrix Recovery.},
  author={Tan, Mingkui and Tsang, Ivor W and Wang, Li and Vandereycken, Bart and Pan, Sinno Jialin},
  booktitle={ICML},
  volume={32},
  pages={1539--1547},
  year={2014}
}

@article{vandereyckensiamjo2013low,
  title={Low-rank matrix completion by Riemannian optimization},
  author={Vandereycken, Bart},
  journal={SIAM Journal on Optimization},
  volume={23},
  number={2},
  pages={1214--1236},
  year={2013},
  publisher={SIAM}
}

@inproceedings{yanijcai2015scalable,
  title={Scalable maximum margin matrix factorization by active riemannian subspace search},
  author={Yan, Yan and Tan, Mingkui and Tsang, Ivor and Yang, Yi and Zhang, Chengqi and Shi, Qinfeng},
  booktitle={IJCAI},
  year={2015}
}

@inproceedings{nienips2010efficient,
  title={Efficient and robust feature selection via joint ℓ2, 1-norms minimization},
  author={Nie, Feiping and Huang, Heng and Cai, Xiao and Ding, Chris H},
  booktitle={NIPS},
  pages={1813--1821},
  year={2010}
}

@inproceedings{yangijcai2011l21,
  title={l2, 1-norm regularized discriminative feature selection for unsupervised learning},
  author={Yang, Yi and Shen, Heng Tao and Ma, Zhigang and Huang, Zi and Zhou, Xiaofang},
  booktitle={IJCAI},
  volume={22},
  number={1},
  pages={1589},
  year={2011}
}

@inproceedings{xiaocvpr2015falrr,
author={S. Xiao and W. Li and D. Xu and Dacheng Tao},
booktitle={CVPR},
title={FaLRR: A fast low rank representation solver},
year={2015},
pages={4612-4620},
keywords={computer vision;optimisation;FaLRR;computer vision;fast low rank representation solver;optimization;Acceleration;Algorithm design and analysis;Convergence;Matrix decomposition;Optimization;Partitioning algorithms;Time complexity},
doi={10.1109/CVPR.2015.7299092},
ISSN={1063-6919},
month={June},}

@inproceedings{xuiccv2013feature,
  title={Feature weighting via optimal thresholding for video analysis},
  author={Xu, Zhongwen and Yang, Yi and Tsang, Ivor and Sebe, Nicu and Hauptmann, Alexander G},
  booktitle={ICCV},
  pages={3440--3447},
  year={2013}
}
@article{soomro2012ucf101,
  title={UCF101: A dataset of 101 human actions classes from videos in the wild},
  author={Soomro, Khurram and Zamir, Amir Roshan and Shah, Mubarak},
  journal={arXiv preprint arXiv:1212.0402},
  year={2012}
}

@misc{pascal-voc-2007,
author = "Everingham, M. and Van~Gool, L. and Williams, C. K. I. and Winn, J. and Zisserman, A.",
title = "The {PASCAL} {V}isual {O}bject {C}lasses {C}hallenge 2007 {(VOC2007)} {R}esults",
howpublished = "http://www.pascal-network.org/challenges/VOC/voc2007/workshop/index.html"
}

@article{krizhevsky2009learning,
  title={Learning multiple layers of features from tiny images},
  author={Krizhevsky, Alex and Hinton, Geoffrey},
  year={2009},
  publisher={Citeseer}
} %Cifar10

@inproceedings{nilsback2006visual,
  title={A visual vocabulary for flower classification},
  author={Nilsback, M-E and Zisserman, Andrew},
  booktitle={2006 IEEE Computer Society Conference on Computer Vision and Pattern Recognition (CVPR'06)},
  volume={2},
  pages={1447--1454},
  year={2006},
  organization={IEEE}
} %Flower17

@inproceedings{simonyan2014two,
  title={Two-stream convolutional networks for action recognition in videos},
  author={Simonyan, Karen and Zisserman, Andrew},
  booktitle={Advances in Neural Information Processing Systems},
  pages={568--576},
  year={2014}
} 

@inproceedings{tran2015learning,
  title={Learning spatiotemporal features with 3d convolutional networks},
  author={Tran, Du and Bourdev, Lubomir and Fergus, Rob and Torresani, Lorenzo and Paluri, Manohar},
  booktitle={2015 IEEE International Conference on Computer Vision (ICCV)},
  pages={4489--4497},
  year={2015},
  organization={IEEE}
}%C3D

@inproceedings{jia2014caffe,
  title={Caffe: Convolutional architecture for fast feature embedding},
  author={Jia, Yangqing and Shelhamer, Evan and Donahue, Jeff and Karayev, Sergey and Long, Jonathan and Girshick, Ross and Guadarrama, Sergio and Darrell, Trevor},
  booktitle={Proceedings of the 22nd ACM international conference on Multimedia},
  pages={675--678},
  year={2014},
  organization={ACM}
}

@article{he2015deep,
  title={Deep residual learning for image recognition},
  author={He, Kaiming and Zhang, Xiangyu and Ren, Shaoqing and Sun, Jian},
  journal={arXiv preprint arXiv:1512.03385},
  year={2015}
}

@article{he2016identity,
  title={Identity mappings in deep residual networks},
  author={He, Kaiming and Zhang, Xiangyu and Ren, Shaoqing and Sun, Jian},
  journal={arXiv preprint arXiv:1603.05027},
  year={2016}
}

@inproceedings{szegedy2015going,
  title={Going deeper with convolutions},
  author={Szegedy, Christian and Liu, Wei and Jia, Yangqing and Sermanet, Pierre and Reed, Scott and Anguelov, Dragomir and Erhan, Dumitru and Vanhoucke, Vincent and Rabinovich, Andrew},
  booktitle={Proceedings of the IEEE Conference on Computer Vision and Pattern Recognition},
  pages={1--9},
  year={2015}
}

@inproceedings{krizhevsky2012imagenet,
  title={Imagenet classification with deep convolutional neural networks},
  author={Krizhevsky, Alex and Sutskever, Ilya and Hinton, Geoffrey E},
  booktitle={Advances in neural information processing systems},
  pages={1097--1105},
  year={2012}
} %Alex

@article{chatfield2014return,
  title={Return of the devil in the details: Delving deep into convolutional nets},
  author={Chatfield, Ken and Simonyan, Karen and Vedaldi, Andrea and Zisserman, Andrew},
  journal={arXiv preprint arXiv:1405.3531},
  year={2014}
} %VGG16

@article{fan2008liblinear,
  title={LIBLINEAR: A library for large linear classification},
  author={Fan, Rong-En and Chang, Kai-Wei and Hsieh, Cho-Jui and Wang, Xiang-Rui and Lin, Chih-Jen},
  journal={Journal of machine learning research},
  volume={9},
  number={Aug},
  pages={1871--1874},
  year={2008}
}
@inproceedings{gehler2009feature,
  title={On feature combination for multiclass object classification},
  author={Gehler, Peter and Nowozin, Sebastian},
  booktitle={2009 IEEE 12th International Conference on Computer Vision},
  pages={221--228},
  year={2009},
  organization={IEEE}
} %LPBoost 
@article{Rakotomamonjy2008Simplemkl,
  title={Simplemkl},
  author={Rakotomamonjy, Alain and Bach, Francis R. and Canu, Stéphane and Grandvalet, Yves},
  journal={Journal of Machine Learning Research},
  volume={9},
  number={3},
  pages={2491-2521},
  year={2008},
}
@article{Feichtenhofer2016Convolutional,
  title={Convolutional Two-Stream Network Fusion for Video Action Recognition},
  author={Feichtenhofer, Christoph and Pinz, Axel and Zisserman, Andrew},
  year={2016},
}
@inproceedings{Wang2011Action,
  title={Action recognition by dense trajectories},
  author={Wang, Heng and Kläser, Alexander and Schmid, Cordelia and Liu, Cheng Lin},
  booktitle={IEEE Conference on Computer Vision \& Pattern Recognition},
  pages={3169-3176},
  year={2011},
}
@inproceedings{dalal2005histograms,
  title={Histograms of oriented gradients for human detection},
  author={Dalal, Navneet and Triggs, Bill},
  booktitle={2005 IEEE Computer Society Conference on Computer Vision and Pattern Recognition (CVPR'05)},
  volume={1},
  pages={886--893},
  year={2005},
  organization={IEEE}
}
@article{lowe2004distinctive,
  title={Distinctive image features from scale-invariant keypoints},
  author={Lowe, David G},
  journal={International journal of computer vision},
  volume={60},
  number={2},
  pages={91--110},
  year={2004},
  publisher={Springer}
}
@InProceedings{Xu_2015_CVPR,
author = {Xu, Zhongwen and Yang, Yi and Hauptmann, Alex G.},
title = {A Discriminative CNN Video Representation for Event Detection},
booktitle = {The IEEE Conference on Computer Vision and Pattern Recognition (CVPR)},
month = {June},
year = {2015}
}
@article{lai2015learning,
  title={Learning sample specific weights for late fusion},
  author={Lai, Kuan-Ting and Liu, Dong and Chang, Shih-Fu and Chen, Ming-Syan},
  journal={IEEE Transactions on Image Processing},
  volume={24},
  number={9},
  pages={2772--2783},
  year={2015},
  publisher={IEEE}
}
@inproceedings{vedaldi2009multiple,
  title={Multiple kernels for object detection},
  author={Vedaldi, Andrea and Gulshan, Varun and Varma, Manik and Zisserman, Andrew},
  booktitle={2009 IEEE 12th international conference on computer vision},
  pages={606--613},
  year={2009},
  organization={IEEE}
}
@article{lanckriet2004learning,
  title={Learning the kernel matrix with semidefinite programming},
  author={Lanckriet, Gert RG and Cristianini, Nello and Bartlett, Peter and Ghaoui, Laurent El and Jordan, Michael I},
  journal={Journal of Machine learning research},
  volume={5},
  number={Jan},
  pages={27--72},
  year={2004}
}
@inproceedings{wright2009robust,
  title={Robust principal component analysis: Exact recovery of corrupted low-rank matrices via convex optimization},
  author={Wright, John and Ganesh, Arvind and Rao, Shankar and Peng, Yigang and Ma, Yi},
  booktitle={Advances in neural information processing systems},
  pages={2080--2088},
  year={2009}
}
@inproceedings{ye2012robust,
  title={Robust late fusion with rank minimization},
  author={Ye, Guangnan and Liu, Dong and Jhuo, I-Hong and Chang, Shih-Fu},
  booktitle={Computer Vision and Pattern Recognition (CVPR), 2012 IEEE Conference on},
  pages={3021--3028},
  year={2012},
  organization={IEEE}
}
@inproceedings{natarajan2012multimodal,
  title={Multimodal feature fusion for robust event detection in web videos},
  author={Natarajan, Pradeep and Wu, Shuang and Vitaladevuni, Shiv and Zhuang, Xiaodan and Tsakalidis, Stavros and Park, Unsang and Prasad, Rohit and Natarajan, Premkumar},
  booktitle={Computer Vision and Pattern Recognition (CVPR), 2012 IEEE Conference on},
  pages={1298--1305},
  year={2012},
  organization={IEEE}
}
@InProceedings{parkhi12a,
  author       = "Parkhi, O. M. and Vedaldi, A. and Zisserman, A. and Jawahar, C.~V.",
  title        = "Cats and Dogs",
  booktitle    = "IEEE Conference on Computer Vision and Pattern Recognition",
  year         = "2012",
}
@article{Li2006One,
  title={One-Shot Learning of Object Categories},
  author={Li, Fei Fei and Fergus, Rob and Perona, Pietro},
  journal={IEEE Transactions on Pattern Analysis \& Machine Intelligence},
  volume={28},
  number={4},
  pages={594-611},
  year={2006},
}

