% This file was created with JabRef 2.10.
% Encoding: Cp1252


@Book{Absil2008OAMM,
  Title                    = {Optimization Algorithms on Matrix Manifolds},
  Author                   = {Absil, P.-A. and Mahony, R. and Sepulchre, R.},
  Publisher                = {Princeton University Press},
  Year                     = {2008},

  Address                  = {Princeton, NJ, USA},

  ISBN                     = {0691132984, 9780691132983}
}

@InProceedings{grouse,
  Title                    = {Online Identification and Tracking of Subspaces from Highly Incomplete Information},
  Author                   = {Laura Balzano and Robert Nowak and Benjamin Recht},
  Booktitle                = {Proceedings of Allerton},
  Year                     = {2010},
  Month                    = {September}
}

@InProceedings{grouse2010Balzano,
  Title                    = {Online identification and tracking of subspaces from highly incomplete information},
  Author                   = {Balzano, L. and Nowak, R. and Recht, B.},
  Booktitle                = {Proceedings of Allerton},
  Year                     = {2010},

  Doi                      = {10.1109/ALLERTON.2010.5706976},
  Keywords                 = {Internet;gradient methods;iterative methods;matrix algebra;symbol manipulation;GROUSE;Grassmanian rank-one update subspace estimation;Grassmannian manifold;gradient descent algorithm;linear algebraic manipulations;low-rank matrix completion problem;online identification;online incremental algorithm;subspace update;subspaces tracking;Algorithm design and analysis;Approximation methods;Cost function;Estimation;Manifolds;Noise;Steady-state}
}

@InProceedings{bennett2007netflix,
  Title                    = {The Netflix Prize},
  Author                   = {Bennett, J. and Lanning, S.},
  Booktitle                = {Proceedings of the KDD Cup Workshop 2007},
  Year                     = {2007},

  Publisher                = {ACM},

  Keywords                 = {challenge netflix},
}

@InProceedings{rtrmc2011boumal,
  Title                    = {RTRMC: A Riemannian trust-region method for low-rank matrix completion},
  Author                   = {Boumal, N. and Absil, P.-A.},
  Booktitle                = {NIPS},
  Year                     = {2011},

  Keywords                 = {completion grassmann low matrix myown optimization order rank region second trust}
}

@InProceedings{decoste2006collaborative,
  Title                    = {Collaborative prediction using ensembles of maximum margin matrix factorizations},
  Author                   = {DeCoste, Dennis},
  Booktitle                = {ICML},
  Year                     = {2006},
  Organization             = {ACM}
}

@Article{kddcup2011,
  Title                    = {{The Yahoo! Music Dataset and KDD-Cup'11}},
  Author                   = {Dror, G. and Koenigstein, N. and Koren, Y. and Weimer, M.},
  Journal                  = {JMLR Workshop and Conference Proceedings},
  Year                     = {2012},
  Pages                    = {3--18},
  Volume                   = {18},

  Keywords                 = {hybrid-recommender, journal, music}
}

@InProceedings{Herlocker1999sigir,
  Title                    = {An Algorithmic Framework for Performing Collaborative Filtering},
  Author                   = {Herlocker, Jonathan L. and Konstan, Joseph A. and Borchers, Al and Riedl, John},
  Booktitle                = {SIGIR},
  Year                     = {1999},
  Publisher                = {ACM},

  Doi                      = {10.1145/312624.312682},
  ISBN                     = {1-58113-096-1},
}

@InProceedings{hsieh2014nuclear,
  Title                    = {Nuclear norm minimization via active subspace selection},
  Author                   = {Hsieh, Cho-Jui and Olsen, Peder},
  Booktitle                = {ICML},
  Year                     = {2014}
}

@InProceedings{huang2013robust,
  Title                    = {Robust discrete matrix completion},
  Author                   = {Huang, Jin and Nie, Feiping and Huang, Heng},
  Booktitle                = {AAAI},
  Year                     = {2013}
}

@InProceedings{karatzoglou2010collaborative,
  Title                    = {Collaborative filtering on a budget},
  Author                   = {Karatzoglou, Alexandros and Weimer, Markus and Smola, Alex J},
  Booktitle                = {AISTATS},
  Year                     = {2010}
}

@Article{mishra2013lowrank,
  Title                    = {Low-rank optimization with trace norm penalty},
  Author                   = {Bamdev Mishra and Gilles Meyer and Francis Bach and Rodolphe Sepulchre},
  Journal                  = {SIAM J. Optim.},
  Year                     = {2013},
  Number                   = {4},
  Pages                    = {2124--2149},
  Volume                   = {23}
}

@InProceedings{mitra2010large,
  Title                    = {Large-scale matrix factorization with missing data under additional constraints},
  Author                   = {Mitra, Kaushik and Sheorey, Sameer and Chellappa, Rama},
  Booktitle                = {NIPS},
  Year                     = {2010}
}

@InProceedings{mnih2007probabilistic,
  Title                    = {Probabilistic matrix factorization},
  Author                   = {Mnih, Andriy and Salakhutdinov, Ruslan},
  Booktitle                = {NIPS},
  Year                     = {2007}
}

@InCollection{ngonips2012scaled,
  Title                    = {Scaled Gradients on Grassmann Manifolds for Matrix Completion},
  Author                   = {Thanh Ngo and Yousef Saad},
  Booktitle                = {NIPS},
  Publisher                = {Curran Associates, Inc.},
  Year                     = {2012},
  Editor                   = {F. Pereira and C.J.C. Burges and L. Bottou and K.Q. Weinberger},
  Pages                    = {1412--1420},

  Url                      = {http://papers.nips.cc/paper/4713-scaled-gradients-on-grassmann-manifolds-for-matrix-completion.pdf}
}

@InProceedings{nie2012low,
  Title                    = {Low-rank matrix recovery via efficient schatten p-norm minimization},
  Author                   = {Nie, Feiping and Huang, Heng and Ding, Chris},
  Booktitle                = {AAAI},
  Year                     = {2012}
}

@Book{Rajaraman2011MMDS,
  Title                    = {Mining of Massive Datasets},
  Author                   = {Rajaraman, Anand and Ullman, Jeffrey David},
  Publisher                = {Cambridge University Press},
  Year                     = {2011},

  Address                  = {New York, NY, USA},

  ISBN                     = {1107015359, 9781107015357}
}

@InProceedings{RechtNIPS2011hogwild,
  Title                    = {Hogwild: A Lock-Free Approach to Parallelizing Stochastic Gradient Descent},
  Author                   = {Benjamin Recht and Re, Christopher and Wright, Stephen and Feng Niu},
  Booktitle                = {NIPS},
  Year                     = {2011},
}

@InProceedings{rennie2005loss,
  Title                    = {Loss functions for preference levels: Regression with discrete ordered labels},
  Author                   = {Rennie, Jason DM and Srebro, Nathan},
  Booktitle                = {Proceedings of the IJCAI multidisciplinary workshop on advances in preference handling},
  Year                     = {2005},
}

@InProceedings{FM3F05icml,
  Title                    = {Fast Maximum Margin Matrix Factorization for Collaborative Prediction},
  Author                   = {Rennie, Jasson D. M. and Srebro, Nathan},
  Booktitle                = {ICML},
  Year                     = {2005},

  Doi                      = {10.1145/1102351.1102441},
  ISBN                     = {1-59593-180-5},
  Location                 = {Bonn, Germany},
  Url                      = {http://doi.acm.org/10.1145/1102351.1102441}
}

@InProceedings{Srebro05maximummarginmatrix,
  Title                    = {Maximum-Margin Matrix Factorization},
  Author                   = {Nathan Srebro and Jason D. M. Rennie and Tommi S. Jaakola},
  Booktitle                = {NIPS},
  Year                     = {2005},
  Publisher                = {MIT Press}
}

@Article{su2009survey,
  Title                    = {A survey of collaborative filtering techniques},
  Author                   = {Su, Xiaoyuan and Khoshgoftaar, Taghi M.},
  Journal                  = {Adv. in Artif. Intell.},
  Year                     = {2009},
  Pages                    = {4},
  Volume                   = {2009},

  Publisher                = {Hindawi Publishing Corp.}
}

@Article{Toh2010theaffine,
  Title                    = {{An accelerated proximal gradient algorithm for nuclear norm regularized linear least squares problems}},
  Author                   = {Toh, Kim-Chuan and Yun, Sangwoon},
  Journal                  = {Pacific Journal of Optimization},
  Year                     = {2010},
  Pages                    = {615–-640},
  Volume                   = {6},

  Url                      = {http://www.math.nus.edu.sg/\~{}mattohkc/papers/mc11.pdf}
}

@Article{vandereycken2013lowrank,
  Title                    = {Low-rank matrix completion by Riemannian optimization},
  Author                   = {Bart Vandereycken},
  Journal                  = {SIAM J. Optim.},
  Year                     = {2013},
  Number                   = {2},
  Pages                    = {1214–-1236},
  Volume                   = {23}
}

@Article{weimer2007maximum,
  Title                    = {Maximum margin matrix factorization for collaborative ranking},
  Author                   = {Weimer, Markus and Karatzoglou, Alexandros and Le, Quoc Viet and Smola, Alex},
  Journal                  = {NIPS},
  Year                     = {2007}
}

@Article{weimer2008improving,
  Title                    = {Improving maximum margin matrix factorization},
  Author                   = {Weimer, Markus and Karatzoglou, Alexandros and Smola, Alex},
  Journal                  = {Machine Learning},
  Year                     = {2008},
  Number                   = {3},
  Pages                    = {263--276},
  Volume                   = {72},

  Publisher                = {Springer}
}

@InProceedings{wu2007collaborative,
  Title                    = {Collaborative filtering via ensembles of matrix factorizations},
  Author                   = {Wu, Mingrui},
  Booktitle                = {Proceedings of KDD Cup and Workshop},
  Year                     = {2007}
}

@InProceedings{xu2013fast,
  Title                    = {Fast max-margin matrix factorization with data augmentation},
  Author                   = {Minjie Xu and Jun Zhu and Bo Zhang},
  Booktitle                = {ICML},
  Year                     = {2013}
}

@InProceedings{xu2012nonparametric,
  Title                    = {Nonparametric max-margin matrix factorization for collaborative prediction},
  Author                   = {Xu, Minjie and Zhu, Jun and Zhang, Bo},
  Booktitle                = {NIPS},
  Year                     = {2012}
}

@inproceedings{Xiao2014WBSLRR,
  author                   = {Shijie Xiao and
                               Mingkui Tan and
                               Dong Xu},
  title                    = {Weighted Block-Sparse Low Rank Representation for Face Clustering
                                in Videos},
  booktitle                = {ECCV},
  year                     = {2014}
}

@inproceedings{xiao2015FaLRR,
  title              ={{FaLRR}: {A} {F}ast {L}ow {R}ank {R}epresentation {S}olver},
  author             ={Shijie Xiao and
                       Wen Li and
                       Dong Xu and
                       Dacheng Tao},
  booktitle          ={CVPR},
  year               ={2015},
}

@inproceedings{changaaai2015aconvex,
  title              ={A Convex Formulation for Spectral Shrunk Clustering},
  author             ={Xiaojun Chang and Feiping Nie and Zhigang Ma and Yi Yang and Xiaofang Zhou},
  booktitle          ={AAAI},
  year               ={2015},
}

@inproceedings{lusigir2013alow,
 author              = {Lu, Xinyan and Wu, Fei and Tang, Siliang and Zhang, Zhongfei and He, Xiaofei and Zhuang, Yueting},
 title               = {A Low Rank Structural Large Margin Method for Cross-modal Ranking},
 booktitle           = {SIGIR},
 year                = {2013},
}

@ARTICLE{yangtmm2013feature,
author               ={Yi Yang and Zhigang Ma and Hauptmann, A.G. and Sebe, N.},
journal              ={Multimedia, IEEE Transactions on},
title                ={Feature Selection for Multimedia Analysis by Sharing Information Among Multiple Tasks},
year                 ={2013},
month                ={April},
volume               ={15},
number               ={3},
pages                ={661-669},
doi={10.1109/TMM.2012.2237023},
ISSN={1520-9210},}

@article{han2013image,
  title              ={Image classification with manifold learning for out-of-sample data},
  author             ={Han, Yahong and Xu, Zhongwen and Ma, Zhigang and Huang, Zi},
  journal            ={Signal Processing},
  volume             ={93},
  number             ={8},
  pages              ={2169--2177},
  year               ={2013},
  publisher          ={Elsevier}
}

% matrixcompletion.bib
% This file was created with JabRef 2.10.
% Encoding: GBK


@TechReport{Absil2012Newton,
  Title                    = {Two Newton methods on the manifold of fixed-rank matrices endowed with Riemannian quotient geometries},
  Author                   = {P.-A. Absil and L. Amodei and G. Meyer},
  Year                     = {2012},

  Owner                    = {tanm0097},
  Timestamp                = {2013.02.16}
}

@Book{AMS2008,
  Title                    = {Optimization Algorithms on Matrix Manifolds},
  Author                   = {P.-A. Absil and R. Mahony and R. Sepulchre},
  Publisher                = {Princeton University Press},
  Year                     = {2008},

  Owner                    = {tanm0097},
  Timestamp                = {2013.03.29}
}

@Conference{Boumal2012,
  Title                    = {RTRMC: A Riemannian trust-region method for low-rank matrix completion},
  Author                   = {N. Boumal and P.-A. Absil},
  Booktitle                = {NIPS},
  Year                     = {2012},

  Owner                    = {tanm0097},
  Timestamp                = {2013.02.16}
}

@Article{Brand2006,
  Title                    = {Fast low-rank modifications of the thin singular value decomposition},
  Author                   = {M. Brand},
  Journal                  = {Linear Algebra Appl.},
  Year                     = {2006},
  Pages                    = {20-30},
  Volume                   = {415},

  Owner                    = {tanm0097},
  Timestamp                = {2013.02.12}
}

@Conference{Brand2002,
  Title                    = {Incremental singular value decomposition of uncertain data with missing values},
  Author                   = {M. Brand},
  Booktitle                = {ECCV},
  Year                     = {2002},

  Owner                    = {tanm0097},
  Timestamp                = {2013.02.12}
}

@Article{Cai2010SVT,
  Title                    = {A singular value thresholding algorithm for matrix completion},
  Author                   = {Cai, J. and Cand\'{e}s and E. J. and Shen, Z.},
  Journal                  = {SIAM J. on Optim.},
  Year                     = {2010},
  Pages                    = {1956-1982},
  Volume                   = {20(4)},

  Owner                    = {tanm0097},
  Timestamp                = {2012.03.28}
}

@Article{Cand2010Tight,
  Title                    = {Tight oracle bounds for low-rank matrix recovery from a minimal number of random measurements},
  Author                   = {E. J. Cand\'{e}s and Y. Plan},
  Journal                  = {IEEE Trans. on Inform. Theory},
  Year                     = {2010},
  Pages                    = {2342-2359},
  Volume                   = {57(4)},

  Owner                    = {tanm0097},
  Timestamp                = {2012.03.28}
}

@Article{candes2010matrix,
  Title                    = {Matrix completion with noise},
  Author                   = {E. J. Cand\'{e}s and Y. Plan},
  Journal                  = {Proceedings of the IEEE},
  Year                     = {2010},
  Number                   = {6},
  Pages                    = {925--936},
  Volume                   = {98},

  Publisher                = {IEEE}
}

@Article{Cand2009Exact,
  Title                    = {Exact matrix completion via convex optimization},
  Author                   = {E. J. Cand\'{e}s and B. Recht},
  Journal                  = {Found. Comput. Math.},
  Year                     = {2009},
  Pages                    = {717-772},
  Volume                   = {9},

  Owner                    = {tanm0097},
  Timestamp                = {2012.03.28}
}

@Article{Cand2009power,
  Title                    = {The power of convex relaxation: near-optimal matrix completion},
  Author                   = {Cand\'{e}s, E. J. and Tao, T},
  Journal                  = {IEEE Trans. Inform. Theory},
  Year                     = {2009},
  Pages                    = {2053–2080},
  Volume                   = {56(5)},

  Owner                    = {tanm0097},
  Timestamp                = {2012.03.28}
}

@Conference{Chen2011,
  Title                    = {Robust Matrix Completion with Corrupted Columns},
  Author                   = {Y. Chen and H. Xu, C. and Caramanis and S. Sanghavi},
  Booktitle                = {ICML},
  Year                     = {2011},

  Owner                    = {tanm0097},
  Timestamp                = {2012.03.28}
}

@Article{Combettes2005,
  Title                    = {Signal recovery by proximal forward-backward splitting},
  Author                   = {P. L. Combettes and V. R. Wajs},
  Journal                  = {Multiscale Model. Sim.},
  Year                     = {2005},
  Pages                    = {1168-1200},
  Volume                   = {4(4)},

  Owner                    = {tanm0097},
  Timestamp                = {2013.02.16}
}

@Article{dai2009subspace,
  Title                    = {Subspace pursuit for compressive sensing signal reconstruction},
  Author                   = {Dai, W. and Milenkovic, O.},
  Journal                  = {IEEE Trans. Inform. Theory},
  Year                     = {2009},
  Number                   = {5},
  Pages                    = {2230--2249},
  Volume                   = {55},

  Publisher                = {IEEE}
}

@Article{denglow,
  Title                    = {Low-Rank Structure Learning via Nonconvex Heuristic Recovery},
  Author                   = {Deng, Y. and Dai, Q. and Liu, R. and Zhang, Z. and Hu, S.},
  Journal                  = {IEEE Trans. Neural Netw. Learning Syst.},
  Year                     = {2013},
  Pages                    = {383-396},
  Volume                   = {24(3)},

  Publisher                = {IEEE}
}

@Conference{eriksson2012high,
  Title                    = {High rank matrix completion},
  Author                   = {Eriksson, B. and Balzano, L. and Nowak, R.t},
  Booktitle                = {Proc. of Intl. Conf. on Artificial Intell. and Stat},
  Year                     = {2012}
}

@Article{fazel2002matrix,
  Title                    = {Matrix rank minimization with applications},
  Author                   = {Fazel, M.},
  Year                     = {2002},
  Note                     = {PhD thesis, Stanford University}
}

@Article{fiori2012extended,
  Title                    = {Extended Hamiltonian learning on Riemannian manifolds: Numerical aspects},
  Author                   = {Fiori, S.},
  Journal                  = {IEEE Trans. Neural Netw. Learning Syst.},
  Year                     = {2012},
  Pages                    = {7--21},
  Volume                   = {23(1)},

  Publisher                = {IEEE}
}

@Article{fiori2011extended,
  Title                    = {Extended Hamiltonian learning on Riemannian manifolds: Theoretical aspects},
  Author                   = {Fiori, S.},
  Journal                  = {IEEE Trans. Neural Netw. Learning Syst.},
  Year                     = {2011},
  Number                   = {2},
  Pages                    = {687--700},
  Volume                   = {22},

  Publisher                = {IEEE}
}

@Article{fiori2011riemannian,
  Title                    = {Riemannian-Gradient-Based Learning on the Complex Matrix-Hypersphere},
  Author                   = {Fiori, S.},
  Journal                  = {IEEE Trans. Neural Netw. Learning Syst.},
  Year                     = {2011},
  Number                   = {12},
  Pages                    = {2132--2138},
  Volume                   = {22},

  Publisher                = {IEEE}
}

@Book{foucart2013mathematical,
  Title                    = {A mathematical introduction to compressive sensing},
  Author                   = {Foucart, S. and Rauhut, H.},
  Publisher                = {Springer},
  Year                     = {2013},

  Journal                  = {Appl. Numer. Harmon. Anal. Birkh{\"a}user, Boston}
}

@Conference{Hooshang2011,
  Title                    = {SRF: Matrix Completion Based on Smoothed Rank Function},
  Author                   = {H. Ghasemi and Mohammadreza Malek-Mohammadi and Massoud Babaie-Zadeh and Christian Jutten},
  Booktitle                = {ICASSP},
  Year                     = {2011},

  Owner                    = {tanm0097},
  Timestamp                = {2012.03.28}
}

@Book{golub2012matrix,
  Title                    = {Matrix computations},
  Author                   = {Golub, G. H. and Van Loan, C. F.},
  Publisher                = {JHU Press},
  Year                     = {1996},
  Edition                  = {3rd}
}

@Article{Hazan2008,
  Title                    = {Sparse approximate solutions to semidefinite programs},
  Author                   = {E. Hazan},
  Journal                  = {LATIN},
  Year                     = {2008},
  Pages                    = {306-316},

  Owner                    = {tanm0097},
  Timestamp                = {2013.02.16}
}

@Conference{HERLOCKER1999,
  Title                    = {An algorithmic framework for performing collaborative filtering},
  Author                   = {J. L. Herlocker and J. A. Konstan and A. Borchers and J. Riedl},
  Booktitle                = {SIGIR},
  Year                     = {1999},

  Owner                    = {tanm0097},
  Timestamp                = {2013.02.15}
}

@Conference{Jaggi2010,
  Title                    = {A Simple Algorithm for Nuclear Norm Regularized Problems},
  Author                   = {M. Jaggi and M. Sulovsky},
  Booktitle                = {ICML},
  Year                     = {2010},

  Owner                    = {tanm0097},
  Timestamp                = {2013.03.30}
}

@TechReport{Jain2012AM,
  Title                    = {Low-rank Matrix Completion using Alternating Minimization},
  Author                   = {P. Jain and P. Netrapalli and S. Sanghavi},
  Year                     = {2012},

  Owner                    = {tanm0097},
  Timestamp                = {2013.03.30}
}

@Conference{KDD2007,
  Title                    = {{ACM SIGKDD} and Netflix},
  Author                   = {KDDCup},
  Booktitle                = {Proceedings of KDD Cup and Workshop},
  Year                     = {2007},

  Owner                    = {tanm0097},
  Timestamp                = {2013.02.15}
}

@Article{Keshavan2010,
  Title                    = {Matrix completion from a few entries},
  Author                   = {Keshavan, R. H. and Montanari, A. and Oh, S.},
  Journal                  = {IEEE Trans. on Info. Theory},
  Year                     = {2010},
  Pages                    = {2980-2998},
  Volume                   = {56},

  Owner                    = {tanm0097},
  Timestamp                = {2012.03.28}
}

@Article{keshavan2010matrix,
  Title                    = {Matrix completion from noisy entries},
  Author                   = {Keshavan, R. H and Montanari, A. and Oh, S.},
  Journal                  = {JMLR},
  Year                     = {2010},
  Pages                    = {2057--2078},
  Volume                   = {99},

  Publisher                = {MIT Press}
}

@Conference{Laue2012,
  Title                    = {A Hybrid Algorithm for Convex Semidefinite Optimization},
  Author                   = {S. Laue},
  Booktitle                = {ICML},
  Year                     = {2012},

  Owner                    = {tanm0097},
  Timestamp                = {2013.03.30}
}

@Article{Kiryung2010,
  Title                    = {ADMiRA: Atomic Decomposition for Minimum Rank Approximation},
  Author                   = {K. Lee and Y. Bresler},
  Journal                  = {IEEE Trans. on Inform. Theory},
  Year                     = {2010},
  Pages                    = {4402-4416},
  Volume                   = {56(9)},

  Owner                    = {tanm0097},
  Timestamp                = {2012.03.28}
}

@Article{li2012error,
  Title                    = {Error analysis for matrix elastic-net regularization algorithms},
  Author                   = {Li, Hong and Chen, Na and Li, Luoqing},
  Journal                  = {IEEE Trans. Neural Netw. Learning Syst.},
  Year                     = {2012},
  Pages                    = {737--748},
  Volume                   = {23(5)},

  Publisher                = {IEEE}
}

@TechReport{Zhouchen2010ALM,
  Title                    = {The Augmented Lagrange Multiplier Method for Exact Recovery of Corrupted Low-Rank Matrices},
  Author                   = {Z. Lin and M. Chen and Y. Ma},
  Institution              = {UIUC},
  Year                     = {2010},

  Owner                    = {tanm0097},
  Timestamp                = {2012.03.28}
}

@Article{lin2011linearized,
  Title                    = {Linearized alternating direction method with adaptive penalty for low-rank representation},
  Author                   = {Lin, Z. and Liu, R. and Su, Z.},
  Journal                  = {arXiv preprint arXiv:1109.0367},
  Year                     = {2011}
}

@TechReport{meka2009guaranteed,
  Title                    = {Guaranteed rank minimization via singular value projection},
  Author                   = {Meka, R. and Jain, P. and Dhillon, I. S.},
  Year                     = {2009},

  Journal                  = {arXiv preprint arXiv:0909.5457}
}

@Conference{Meka2009,
  Title                    = {Guaranteed Rank Minimization via Singular Value Projection},
  Author                   = {R. Meka and P. Jain and I.S.Dhillon},
  Booktitle                = {NIPS},
  Year                     = {2009},

  Owner                    = {tanm0097},
  Timestamp                = {2012.03.28}
}

@Conference{Bonnabel2011,
  Title                    = {Linear Regression under Fixed-Rank Constraints: A Riemannian Approach},
  Author                   = {G. Meyer and S. Bonnabel and R. Sepulchre},
  Booktitle                = {ICML},
  Year                     = {2011},

  Owner                    = {tanm0097},
  Timestamp                = {2013.02.15}
}

@TechReport{Mishra2012,
  Title                    = {A Riemannian geometry for low-rank matrix completion},
  Author                   = {B. Mishra and K. A. Apuroop and R. Sepulchre},
  Year                     = {2012},

  Owner                    = {tanm0097},
  Timestamp                = {2013.02.16}
}

@Conference{Mitra2010,
  Title                    = {Large-Scale Matrix Factorization with Missing Data under Additional Constraints},
  Author                   = {K. Mitra and S. Sheorey and R. Chellappa},
  Booktitle                = {NIPS},
  Year                     = {2010},

  Owner                    = {tanm0097},
  Timestamp                = {2012.03.28}
}

@Article{mohan2012iterative,
  Title                    = {Iterative reweighted algorithms for matrix rank minimization},
  Author                   = {Mohan, K. and Fazel, M.},
  Journal                  = {JMLR},
  Year                     = {2012},
  Pages                    = {3441--3473},
  Volume                   = {13}
}

@Article{negahban2012restricted,
  Title                    = {Restricted strong convexity and weighted matrix completion: Optimal bounds with noise},
  Author                   = {Negahban, S. and Wainwright, M. J},
  Journal                  = {JMLR},
  Year                     = {2012},
  Pages                    = {1665--1697},
  Volume                   = {13},

  Publisher                = {JMLR. org}
}

@Article{recht2011simpler,
  Title                    = {A simpler approach to matrix completion},
  Author                   = {B. Recht},
  Journal                  = {JMLR},
  Year                     = {2011},
  Pages                    = {3413--3430},

  Publisher                = {JMLR. org}
}

@Article{Recht2010,
  Title                    = {Guaranteed Minimum Rank Solutions to Linear Matrix Equations via Nuclear Norm Minimization},
  Author                   = {B. Recht and M. Fazel and P. A. Parrilo},
  Journal                  = {SIAM Rev.},
  Year                     = {2010},
  Number                   = {3},
  Volume                   = {52},

  Owner                    = {tanm0097},
  Timestamp                = {2012.03.28}
}

@TechReport{Benjamin2011,
  Title                    = {Parallel Stochastic Gradient Algorithms for Large-Scale Matrix Completion},
  Author                   = {B. Recht and C. R\'{e}},
  Year                     = {2011},

  Owner                    = {tanm0097},
  Timestamp                = {2012.03.28}
}

@Article{Ring2012,
  Title                    = {Optimization methods on Riemannian manifolds and their application
to shape space},
  Author                   = {W. Ring and B. Wirth},
  Journal                  = {SIAM J. Optim.},
  Year                     = {2012},
  Pages                    = {596-627},
  Volume                   = {22(2)},

  Owner                    = {tanm0097},
  Timestamp                = {2013.02.01}
}

@Conference{Salakhutdinov2010,
  Title                    = {Collaborative Filtering in a Non-Uniform World: Learning with the Weighted Trace Norm},
  Author                   = {R. Salakhutdinov and N. Srebro},
  Booktitle                = {NIPS},
  Year                     = {2010},

  Owner                    = {tanm0097},
  Timestamp                = {2012.03.28}
}

@Article{sato2013new,
  Title                    = {A new, globally convergent Riemannian conjugate gradient method},
  Author                   = {Sato, H. and Iwai, T.},
  Journal                  = {Optimization: A Journal of Mathematical Programming and Operations Research},
  Year                     = {2013},
  Number                   = {ahead-of-print},
  Pages                    = {1--21},

  Publisher                = {Taylor \& Francis}
}

@Article{selvan2012descent,
  Title                    = {Descent Algorithms on Oblique Manifold for Source-Adaptive ICA Contrast},
  Author                   = {Selvan, S. E. and Amato, U. and Gallivan, K. A. and Qi, Ch. and Carfora, M. F. and Larobina, M. and Alfano, B.},
  Journal                  = {IEEE Trans. Neural Netw. Learning Syst.},
  Year                     = {2012},
  Pages                    = {1930-1947},
  Volume                   = {23(12)},

  Publisher                = {IEEE}
}

@Article{shalit2012online,
  Title                    = {Online learning in the embedded manifold of low-rank matrices},
  Author                   = {Shalit, U. and Weinshall, D. and Chechik, G.},
  Journal                  = {JMLR},
  Year                     = {2012},
  Pages                    = {429--458},
  Volume                   = {13},

  Publisher                = {JMLR. org}
}

@Article{shen2012augmented,
  Title                    = {Augmented Lagrangian alternating direction method for matrix separation based on low-rank factorization},
  Author                   = {Shen, Y. and Wen, Z. and Zhang, Y.},
  Journal                  = {Optim. Method. and Softw.},
  Year                     = {2012},
  Number                   = {ahead-of-print},
  Pages                    = {1--25},

  Publisher                = {Taylor \& Francis}
}

@Conference{Shamir2011,
  Title                    = {Large-Scale Convex Minimization with a Low-Rank Constraint},
  Author                   = {S. S. Shwartz and A. Gonen and O. Shamir},
  Booktitle                = {ICML},
  Year                     = {2011},

  Owner                    = {tanm0097},
  Timestamp                = {2013.02.12}
}

@Book{sra2011optimization,
  Title                    = {Optimization for Machine Learning},
  Author                   = {Sra, S. and Nowozin, S. and Wright, S. J},
  Publisher                = {MIT Press},
  Year                     = {2011}
}

@TechReport{Tan2013,
  Title                    = {Is Matching Pursuit Solving Convex Problems?},
  Author                   = {Mingkui Tan and Ivor W. Tsang and Li Wang},
  Institution              = {Nanyang Technological University},
  Year                     = {2013},

  Owner                    = {tanm0097},
  Timestamp                = {2013.05.29}
}

@Article{tanicml2014riemannian,
  Title                    = {Riemannian Pursuit for Big Matrix Recovery},
  Author                   = {Mingkui Tan and Ivor W. Tsang and Li Wang and Bart Vandereycken and Sinno Jialin Pan},
  Journal                  = {ICML},
  Year                     = {2014},

  Owner                    = {mingkui},
  Timestamp                = {2014.09.14}
}

@Article{Toh2010APG,
  Title                    = {An accelerated proximal gradient algorithm for nuclear norm regularized least squares problems},
  Author                   = {Toh, K.-C. and Yun, S.},
  Journal                  = {Pac. J. Optim.},
  Year                     = {2010},
  Pages                    = {615-640},
  Volume                   = {6},

  Owner                    = {tanm0097},
  Timestamp                = {2012.03.28}
}

@Article{Tropp2004,
  Title                    = {Greed is good: Algorithmic results for sparse approximation},
  Author                   = {Tropp, J. A.},
  Journal                  = {IEEE Trans. Inf. Theory},
  Year                     = {2004},
  Pages                    = {2231-2242},
  Volume                   = {50},

  Owner                    = {tanm0097},
  Timestamp                = {2013.03.31}
}

@InProceedings{tsochantaridis2005large,
  Title                    = {Large margin methods for structured and interdependent output variables},
  Author                   = {Tsochantaridis, Ioannis and Joachims, Thorsten and Hofmann, Thomas and Altun, Yasemin},
  Booktitle                = {JMLR},
  Year                     = {2005},
  Pages                    = {1453--1484}
}

@Article{Vandereycken2013,
  Title                    = {Low-rank matrix completion by Riemannian optimization},
  Author                   = {Vandereycken, Bart},
  Journal                  = {SIAM J. Optim.},
  Year                     = {2013},
  Number                   = {2},
  Pages                    = {1214--1236},
  Volume                   = {23},

  Publisher                = {SIAM}
}

@TechReport{Vandereycken2012,
  Title                    = {Low-rank matrix completion by Riemannian optimization},
  Author                   = {B. Vandereycken},
  Year                     = {2012},

  Owner                    = {tanm0097},
  Timestamp                = {2013.02.12}
}

@Article{vandereycken2010riemannian,
  Title                    = {Riemannian and multilevel optimization for rank-constrained matrix problems},
  Author                   = {Vandereycken, B.},
  Year                     = {2010},
  Note                     = {PhD thesis, Katholieke Universiteit Leuven}
}

@Conference{Andrew2011,
  Title                    = {SpaRCS: Recovering Low-Rank and Sparse Matrices
from Compressive Measurements},
  Author                   = {A. E. Waters and A. C. Sankaranarayanan and Richard G. Baraniuk},
  Booktitle                = {NIPS},
  Year                     = {2011},

  Owner                    = {tanm0097},
  Timestamp                = {2013.02.01}
}

@Article{Wen2012,
  Title                    = {Solving a low-rank factorization model for matrix completion by a non-linear successive over-relaxation algorithm},
  Author                   = {Z. Wen and W. Yin and Y. Zhang},
  Journal                  = {Math. Program. Comput.},
  Year                     = {2012},
  Pages                    = {333-361},
  Volume                   = {4(4)},

  Owner                    = {tanm0097},
  Timestamp                = {2013.02.16}
}

@Article{Wright2010Error,
  Title                    = {Dense Error Correction via L1-Minimization},
  Author                   = {J. Wright and Y. Ma},
  Journal                  = {IEEE Transactions on Information Theory},
  Year                     = {2010},
  Volume                   = {56(7)},

  Owner                    = {tanm0097},
  Timestamp                = {2012.03.28}
}

@Article{xu2012formula,
  Title                    = {$L_{1/2}$-Regularization: A Thresholding Representation Theory and a Fast Solver},
  Author                   = {Xu, Z. and Chang, X. and Xu, F. and Zhang, H.},
  Journal                  = {IEEE Trans. Neural Netw. Learning Syst.},
  Year                     = {2012},
  Pages                    = {1013--1027},
  Volume                   = {23(7)},

  Publisher                = {IEEE}
}

@Article{yang2013linearized,
  Title                    = {Linearized augmented Lagrangian and alternating direction methods for nuclear norm minimization},
  Author                   = {Yang, J. and Yuan, X.},
  Journal                  = {Mathematics of Computation},
  Year                     = {2013},
  Number                   = {281},
  Pages                    = {301--329},
  Volume                   = {82}
}

@Article{Yang2014Optimality,
  Title                    = {Optimality conditions for the nonlinear programming problems on Riemannian manifolds},
  Author                   = {W. Yang and L. Zhang and R. Song},
  Journal                  = {Pac. J. Optim.},
  Year                     = {2014},
  Note                     = {accepted},

  Owner                    = {tanm0097},
  Timestamp                = {2013.12.31}
}

@Conference{Zhou2011GoDec,
  Title                    = {GoDec:Randomized Low-rank \& Sparse Matrix Decomposition in Noisy Case},
  Author                   = {T. Zhou and D.Tao},
  Booktitle                = {ICML},
  Year                     = {2011.},

  Owner                    = {tanm0097},
  Timestamp                = {2012.03.28}
}

@Article{,
  Owner                    = {tanm0097},
  Timestamp                = {2013.05.02}
}

@Proceedings{Netflix2007,
  Title                    = {ACM SIGKDD and Netflix},
  Year                     = {Proceedings of KDD Cup and Workshop, 2007.},

  Owner                    = {tanm0097},
  Timestamp                = {2013.02.15}
}

@comment{jabref-meta: selector_publisher:}

@comment{jabref-meta: selector_author:}

@comment{jabref-meta: selector_journal:}

@comment{jabref-meta: selector_keywords:}


% ProxFGM
% This file was created with JabRef 2.5.
% Encoding: GBK

@TECHREPORT{Francis2009HKL,
  author = {Francis Bach},
  title = {High-Dimensional Non-Linear Variable Selection through Hierarchical
	Kernel Learning},
  institution = {2009},
  year = {2009},
  owner = {tanm0097},
  timestamp = {2011.11.28}
}

@ARTICLE{,
  author = {F. Bach and R. Jenatton and J. Mairal and G. Obozinski},
  title = {Convex optimization with sparsity-inducing norms},
  journal = {. In S. Sra, S. Nowozin, S. J. Wright., editors, Optimization for
	Machine Learning, MIT Press, 2011.},
  owner = {tanm0097},
  timestamp = {2011.11.28}
}

@INCOLLECTION{Bach2010convex,
  author = {F. Bach and R. Jenatton and J. Mairal and G. Obozinski},
  title = {Convex optimization with sparsity-inducing norms},
  booktitle = {Optimization for Machine Learning},
  publisher = {S. Sra, S. Nowozin, S. J. Wright.},
  year = {2011},
  owner = {tanm0097},
  timestamp = {2011.11.28}
}

@CONFERENCE{Bach2004icml,
  author = {Francis R. Bach and Gert R. G. Lanckriet and Michael I. Jordan},
  title = {Multiple Kernel Learning, Conic Duality, and the SMO Algorithm},
  booktitle = {ICML},
  year = {2004},
  owner = {tanm0097},
  timestamp = {2011.11.26}
}

@ARTICLE{Chapelle2002,
  author = {O. Chapelle and V. Vapnik and O. Bousquet and S. Mukherjee.},
  title = {Choosing multiple parameters
	
	for support vector machines},
  journal = {Machine Learning},
  year = {2002},
  volume = {46(1)},
  pages = {131–159},
  owner = {tanm0097},
  timestamp = {2011.11.26}
}

@CONFERENCE{Grandvalet2002,
  author = {Yves Grandvalet and St'{e}phane Canu},
  title = {Adaptive Scaling for Feature Selection in SVMs},
  booktitle = {NIPS},
  year = {2002},
  owner = {tanm0097},
  timestamp = {2011.11.26}
}

@CONFERENCE{Quanquan2011,
  author = {Quanquan Gu and Zhenhui Li and
	
	Jiawei Han},
  title = {Correlated Multi-Label Feature Selection},
  booktitle = {CIKM},
  year = {2011},
  owner = {tanm0097},
  timestamp = {2011.11.28}
}

@CONFERENCE{Quanquan2011UAI,
  author = {Quanquan Gu and Zhenhui Li and
	
	Jiawei Han},
  title = {Generalized Fisher Score for Feature Selection},
  booktitle = {UAI},
  year = {2011},
  owner = {tanm0097},
  timestamp = {2011.11.28}
}

@ARTICLE{Jenatton2011,
  author = {R. Jenatton and J. Mairal and G. Obozinski and F. Bach},
  title = {Proximal Methods for Hierarchical Sparse Coding},
  journal = {Journal of Machine Learning Research},
  year = {2011},
  volume = {12},
  pages = {2297-2334},
  owner = {tanm0097},
  timestamp = {2011.11.28}
}

@CONFERENCE{Shuiwang2009,
  author = {Shuiwang Ji and Jieping Ye},
  title = {An accelerated gradient method for trace norm minimization},
  booktitle = {ICML},
  year = {2009},
  owner = {tanm0097},
  timestamp = {2011.11.28}
}

@ARTICLE{Kortanek93,
  author = {K. O. Kortanek and Hoon No},
  title = {A Central Cutting Plane Algorithm for Convex Semi-Infinite Programming
	Problems},
  journal = {SIAM J. on Optimization},
  year = {1993},
  volume = {3},
  pages = {4},
  owner = {tanm0097},
  timestamp = {2011.11.25}
}

@TECHREPORT{Liu2010,
  author = {Jun Liu and Jieping Ye},
  title = {Efficient L1/Lq Norm Regularization},
  year = {2010},
  owner = {tanm0097},
  timestamp = {2011.11.28}
}

@TECHREPORT{Martins2010,
  author = {Andre F.T. Martins and Mario A. T. Figueiredo and Pedro M. Q. Aguiar
	and Noah A. Smith and Eric P. Xing},
  title = {Online Multiple Kernel Learning for Structured Prediction},
  year = {2010},
  owner = {tanm0097},
  timestamp = {2011.11.26}
}

@CONFERENCE{Ng98,
  author = {A.Y. Ng},
  title = {On Feature Selection: Learning with Exponentially
	
	Many Irrelevant Features as Training Examples},
  booktitle = {ICML},
  year = {1998},
  owner = {tanm0097},
  timestamp = {2011.11.27}
}

@TECHREPORT{Qin2010,
  author = {Z. Qin and K. Scheinberg and D. Goldfarb},
  title = {Efficient Block-coordinate Descent Algorithms for the Group Lasso},
  year = {2010.},
  owner = {tanm0097},
  timestamp = {2011.11.28}
}

@ARTICLE{Alain2003,
  author = {Alain Rakotomamonjy},
  title = {Variable Selection Using SVM-based Criteria},
  journal = {Journal of Machine Learning Research},
  year = {2003},
  volume = {3},
  pages = {1357-1370},
  owner = {tanm0097},
  timestamp = {2011.11.26}
}

@CONFERENCE{Mohammad2011,
  author = {Mohammad Rastegari and Chen Fang and Lorenzo Torresani},
  title = {Scalable Object-Class Retrieval with Approximate and Top-Ranking},
  booktitle = {ICCV},
  year = {2011},
  owner = {tanm0097},
  timestamp = {2011.11.28}
}

@TECHREPORT{Toh2009,
  author = {K.-C. Toh and S. Yun},
  title = {An Accelerated Proximal Gradient Algorithm for Nuclear Norm Regularized
	Least Squares Problems},
  year = {2009},
  owner = {tanm0097},
  timestamp = {2011.11.28}
}

@BOOK{vap2002,
  title = {The Nature of Statistical Learning Theory},
  author = {V. N. Vapnik},
  owner = {tanm0097},
  timestamp = {2011.11.26}
}

@CONFERENCE{Wu2010,
  author = {Jianxin Wu},
  title = {A Fast Dual Method for HIK SVM Learning},
  booktitle = {ECCV},
  year = {2010},
  owner = {tanm0097},
  timestamp = {2011.11.28}
}

@ARTICLE{Yuan2010jmlr,
  author = {G.-X. Yuan and K.-W. Chang and C.-J. Hsieh and C.-J. Lin.},
  title = {A comparison of optimization methods and software for large-scale
	L1-regularized linear classification},
  journal = {Journal of Machine Learning Research},
  year = {2010},
  volume = {11},
  owner = {tanm0097},
  timestamp = {2011.11.27}
}

@TECHREPORT{Yuan2011,
  author = {G.-X. Yuan and C.-H. Ho and C.-J. Lin},
  title = {An Improved GLMNET for L1-regularized Logistic Regression and Support
	Vector Machines},
  year = {2011},
  owner = {tanm0097},
  timestamp = {2011.11.27}
}

@article{chu2007support,
  title={Support vector ordinal regression},
  author={Chu, Wei and Keerthi, S Sathiya},
  journal={Neural computation},
  volume={19},
  number={3},
  pages={792--815},
  year={2007},
  publisher={MIT Press}
}

@ARTICLE{ohtpami2014robust,
author={Tae-Hyun Oh and Joon-Young Lee and Yu-Wing Tai and In So Kweon},
journal={Pattern Analysis and Machine Intelligence, IEEE Transactions on},
title={Robust High Dynamic Range Imaging by Rank Minimization},
year={2015},
volume={37},
number={6},
pages={1219-1232},
ISSN={0162-8828},
month={June}
}

@article{oharxiv2015partial,
  title={Partial Sum Minimization of Singular Values in Robust PCA: Algorithm and Applications},
  author={Oh, Tae-Hyun and Tai, Yu-Wing and Bazin, Jean-Charles and Kim, Hyeongwoo and Kweon, In So},
  journal={arXiv preprint arXiv:1503.01444},
  year={2015}
}

@article{candesjacm2011robust,
  title={Robust principal component analysis?},
  author={Cand{\`e}s, Emmanuel J and Li, Xiaodong and Ma, Yi and Wright, John},
  journal={Journal of the ACM (JACM)},
  volume={58},
  number={3},
  pages={11},
  year={2011},
  publisher={ACM}
}


@inproceedings{debevecsiggraph1997recovering,
 author = {Debevec, Paul E. and Malik, Jitendra},
 title = {Recovering High Dynamic Range Radiance Maps from Photographs},
 booktitle = {Proceedings of the 24th Annual Conference on Computer Graphics and Interactive Techniques},
 series = {SIGGRAPH '97},
 year = {1997},
 isbn = {0-89791-896-7},
 pages = {369--378},
 url = {http://dx.doi.org/10.1145/258734.258884},
 doi = {10.1145/258734.258884},
 publisher = {ACM Press/Addison-Wesley Publishing Co.},
 address = {New York, NY, USA},
}

@article{linarxiv2010augmented,
  title={The augmented lagrange multiplier method for exact recovery of corrupted low-rank matrices},
  author={Lin, Zhouchen and Chen, Minming and Ma, Yi},
  journal={arXiv preprint arXiv:1009.5055},
  year={2010}
}

@article{lee2014ghost,
  title={Ghost-free high dynamic range imaging via rank minimization},
  author={Lee, Chul and Li, Yuelong and Monga, Vishal},
  journal={Signal Processing Letters, IEEE},
  volume={21},
  number={9},
  pages={1045--1049},
  year={2014},
  publisher={IEEE}
}

@INPROCEEDINGS{grossbergcvpr2003what,
author={Grossberg, M.D. and Nayar, S.K.},
booktitle={Computer Vision and Pattern Recognition, 2003. Proceedings. 2003 IEEE Computer Society Conference on},
title={What is the space of camera response functions?},
year={2003},
volume={2},
pages={II-602-9 vol.2},
keywords={brightness;cameras;computer vision;interpolation;visual databases;DoRF;EMoR model;Empirical Model of Response;arbitrary scene image;camera response estimation;camera response functions;computer vision;image brightness;image illumination;image reflectance;image shape;real-world camera response function database;response function interpolation;scene radiance measurement;theoretical space;Brightness;Cameras;Computer vision;Constraint theory;Image databases;Layout;Lighting;Optical imaging;Reflectivity;Shape measurement},
doi={10.1109/CVPR.2003.1211522},
ISSN={1063-6919},
month={June},}

@inproceedings{galloiccp2009artifact,
  title={Artifact-free high dynamic range imaging},
  author={Gallo, Orazio and Gelfand, Natasha and Chen, Wei-Chao and Tico, Marius and Pulli, Kari},
  booktitle={Computational Photography (ICCP), 2009 IEEE International Conference on},
  pages={1--7},
  year={2009},
  organization={IEEE}
}

@article{caiSIAMJOPT2010singular,
  title={A singular value thresholding algorithm for matrix completion},
  author={Cai, Jian-Feng and Cand{\`e}s, Emmanuel J and Shen, Zuowei},
  journal={SIAM Journal on Optimization},
  volume={20},
  number={4},
  pages={1956--1982},
  year={2010},
  publisher={SIAM}
}

@article{candes2010power,
  title={The power of convex relaxation: Near-optimal matrix completion},
  author={Cand{\`e}s, Emmanuel J and Tao, Terence},
  journal={Information Theory, IEEE Transactions on},
  volume={56},
  number={5},
  pages={2053--2080},
  year={2010},
  publisher={IEEE}
}

@article{recht2010guaranteed,
  title={Guaranteed minimum-rank solutions of linear matrix equations via nuclear norm minimization},
  author={Recht, Benjamin and Fazel, Maryam and Parrilo, Pablo A},
  journal={SIAM review},
  volume={52},
  number={3},
  pages={471--501},
  year={2010},
  publisher={SIAM}
}


@ARTICLE{Ohtpami2016partial,
author={T. H. Oh and Y. W. Tai and J. C. Bazin and H. Kim and I. S. Kweon},
journal={IEEE Transactions on Pattern Analysis and Machine Intelligence},
title={Partial Sum Minimization of Singular Values in Robust PCA: Algorithm and Applications},
year={2016},
volume={38},
number={4},
pages={744-758},
doi={10.1109/TPAMI.2015.2465956},
ISSN={0162-8828},
month={April},}

@article{lin2010augmented,
  title={The augmented lagrange multiplier method for exact recovery of corrupted low-rank matrices},
  author={Lin, Zhouchen and Chen, Minming and Ma, Yi},
  journal={arXiv preprint arXiv:1009.5055},
  year={2010}
}

@inproceedings{yanijcai2015scalable,
  title={Scalable maximum margin matrix factorization by active riemannian subspace search},
  author={Yan, Yan and Tan, Mingkui and Tsang, Ivor and Yang, Yi and Zhang, Chengqi and Shi, Qinfeng},
  booktitle={Proceedings of IJCAI},
  year={2015}
}

@article{erikssontpami2012efficient,
  title={Efficient Computation of Robust Weighted Low-Rank Matrix Approximations Using the L\_1 Norm},
  author={Eriksson, Anders and van den Hengel, Anton},
  journal={Pattern Analysis and Machine Intelligence, IEEE Transactions on},
  volume={34},
  number={9},
  pages={1681--1690},
  year={2012},
  publisher={IEEE}
}

@article{hutpami2013fast,
  title={Fast and accurate matrix completion via truncated nuclear norm regularization},
  author={Hu, Yao and Zhang, Debing and Ye, Jieping and Li, Xuelong and He, Xiaofei},
  journal={Pattern Analysis and Machine Intelligence, IEEE Transactions on},
  volume={35},
  number={9},
  pages={2117--2130},
  year={2013},
  publisher={IEEE}
}

@article{pengtpami2012rasl,
  title={RASL: Robust alignment by sparse and low-rank decomposition for linearly correlated images},
  author={Peng, Yigang and Ganesh, Arvind and Wright, John and Xu, Wenli and Ma, Yi},
  journal={Pattern Analysis and Machine Intelligence, IEEE Transactions on},
  volume={34},
  number={11},
  pages={2233--2246},
  year={2012},
  publisher={IEEE}
}

@INPROCEEDINGS{jicvpr2010robust,
author={H. Ji and C. Liu and Z. Shen and Y. Xu},
booktitle={Computer Vision and Pattern Recognition (CVPR), 2010 IEEE Conference on},
title={Robust video denoising using low rank matrix completion},
year={2010},
pages={1791-1798},
doi={10.1109/CVPR.2010.5539849},
ISSN={1063-6919},
month={June},}

@incollection{wuaccv2010robust,
  title={Robust photometric stereo via low-rank matrix completion and recovery},
  author={Wu, Lun and Ganesh, Arvind and Shi, Boxin and Matsushita, Yasuyuki and Wang, Yongtian and Ma, Yi},
  booktitle={Computer Vision--ACCV 2010},
  pages={703--717},
  year={2010},
  publisher={Springer}
}

@article{lee2014ghost,
  title={Ghost-free high dynamic range imaging via rank minimization},
  author={Lee, Chul and Li, Yuelong and Monga, Vishal},
  journal={Signal Processing Letters, IEEE},
  volume={21},
  number={9},
  pages={1045--1049},
  year={2014},
  publisher={IEEE}
}

@article{gaiffas2011weighted,
  title={Weighted algorithms for compressed sensing and matrix completion},
  author={Ga{\"\i}ffas, St{\'e}phane and Lecu{\'e}, Guillaume},
  journal={arXiv preprint arXiv:1107.1638},
  year={2011}
}





@comment{jabref-meta: selector_publisher:}

@comment{jabref-meta: selector_author:}

@comment{jabref-meta: selector_journal:}

@comment{jabref-meta: selector_keywords:}
