@article{vidal2014low,
  title={Low rank subspace clustering (LRSC)},
  author={Vidal, Ren{\'e} and Favaro, Paolo},
  journal={PRL},
  year={2014}
}

@inproceedings{jain2013low,
  title={Low-rank matrix completion using alternating minimization},
  author={Jain, Prateek and Netrapalli, Praneeth and Sanghavi, Sujay},
  booktitle={ACM symposium on Theory of computing},
  year={2013},
  organization={ACM}
}

@Article{vandereycken2013lowrank,
  Title                    = {Low-rank matrix completion by Riemannian optimization},
  Author                   = {Bart Vandereycken},
  Journal                  = {SIAM J. Optim.},
  Year                     = {2013}
}

@inproceedings{tanicml2014riemannian,
  title={Riemannian Pursuit for Big Matrix Recovery.},
  author={Tan, Mingkui and Tsang, Ivor W and Wang, Li and Vandereycken, Bart and Pan, Sinno Jialin},
  booktitle={ICML},
  year={2014}
}

@inproceedings{yanijcai2015scalable,
  title={Scalable maximum margin matrix factorization by active riemannian subspace search},
  author={Yan, Yan and Tan, Mingkui and Tsang, Ivor and Yang, Yi and Zhang, Chengqi and Shi, Qinfeng},
  booktitle={IJCAI},
  year={2015}
}

@article{xie2016aggregated,
  title={Aggregated residual transformations for deep neural networks},
  author={Xie, Saining and Girshick, Ross and Doll{\'a}r, Piotr and Tu, Zhuowen and He, Kaiming},
  journal={arXiv preprint arXiv:1611.05431},
  year={2016}
}

@inproceedings{yen2015sparse,
  title={Sparse linear programming via primal and dual augmented coordinate descent},
  author={Yen, Ian En-Hsu and Zhong, Kai and Hsieh, Cho-Jui and Ravikumar, Pradeep K and Dhillon, Inderjit S},
  booktitle={NIPS},
  year={2015}
}

@article{liu2013robust,
  title={Robust recovery of subspace structures by low-rank representation},
  author={Liu, Guangcan and Lin, Zhouchen and Yan, Shuicheng and Sun, Ju and Yu, Yong and Ma, Yi},
  journal={PAMI},
  year={2013}
}

@article{lin2010augmented,
  title={The augmented lagrange multiplier method for exact recovery of corrupted low-rank matrices},
  author={Lin, Zhouchen and Chen, Minming and Ma, Yi},
  journal={arXiv preprint arXiv:1009.5055},
  year={2010}
}

